@misc{gallaun_eu-hydro_2019,
  title = {{EU}-{Hydro} - {River} {Net} {User} {Guide} 1.3},
  url = {https://land.copernicus.eu/user-corner/technical-library/eu-hydro_user_guide.pdf},
  author = {Heinz Gallaun and Kerstin Dohr and Martin Puhm and Andr{\~A}{\textcopyright} Stumpf and Justine Hug{\~A}{\textcopyright}},
  month = {apr},
  year = {2019},
}

@book{r_core_team_r_2020,
  address = {Vienna, Austria},
  title = {R: {A} {Language} and {Environment} for {Statistical} {Computing}},
  url = {https://www.R-project.org/},
  publisher = {R Foundation for Statistical Computing},
  author = {{R Core Team}},
  year = {2020},
}

@book{allaire_rmarkdown_2021,
  title = {rmarkdown: {Dynamic} {Documents} for {R}},
  url = {https://github.com/rstudio/rmarkdown},
  author = {J. J. Allaire and Yihui Xie and Jonathan McPherson and Javier Luraschi and Kevin Ushey and Aron Atkins and Hadley Wickham and Joe Cheng and Winston Chang and Richard Iannone},
  year = {2021},
}

@book{cooley_sfheaders_2020,
  title = {sfheaders: {Converts} {Between} {R} {Objects} and {Simple} {Feature} {Objects}},
  url = {https://CRAN.R-project.org/package=sfheaders},
  author = {David Cooley},
  year = {2020},
}

@article{tennekes_tmap_2018,
  title = {tmap: {Thematic} {Maps} in {R}},
  volume = {84},
  doi = {10.18637/jss.v084.i06},
  number = {6},
  journal = {Journal of Statistical Software},
  author = {Martijn Tennekes},
  year = {2018},
  pages = {1--39},
}

@book{aust_citr_2019,
  title = {citr: '{RStudio}' {Add}-in to {Insert} {Markdown} {Citations}},
  url = {https://github.com/crsh/citr},
  author = {Frederik Aust},
  year = {2019},
}

@book{fischetti_assertr_2021,
  title = {assertr: {Assertive} {Programming} for {R} {Analysis} {Pipelines}},
  url = {https://CRAN.R-project.org/package=assertr},
  author = {Tony Fischetti},
  year = {2021},
}

@book{francois_bibtex_2021,
  title = {bibtex: {Bibtex} {Parser}},
  author = {Romain Francois},
  year = {2021},
}

@book{hester_fs_2020,
  title = {fs: {Cross}-{Platform} {File} {System} {Operations} {Based} on 'libuv'},
  url = {https://CRAN.R-project.org/package=fs},
  author = {Jim Hester and Hadley Wickham},
  year = {2020},
}

@book{r_special_interest_group_on_databases_r-sig-db_dbi_2021,
  title = {{DBI}: {R} {Database} {Interface}},
  url = {https://CRAN.R-project.org/package=DBI},
  author = {{R Special Interest Group on Databases (R-SIG-DB)} and Hadley Wickham and Kirill M{\~A}{\textonequarter}ller},
  year = {2021},
}

@book{baumgartner_hues_2019,
  title = {hues: {Distinct} {Colour} {Palettes} {Based} on 'iwanthue'},
  url = {https://CRAN.R-project.org/package=hues},
  author = {John Baumgartner and Russell Dinnage},
  year = {2019},
}

@book{vaughan_furrr_2021,
  title = {furrr: {Apply} {Mapping} {Functions} in {Parallel} using {Futures}},
  url = {https://CRAN.R-project.org/package=furrr},
  author = {Davis Vaughan and Matt Dancho},
  year = {2021},
}

@book{winston_chang_extrafont_2014,
  title = {extrafont: {Tools} for using fonts},
  url = {https://CRAN.R-project.org/package=extrafont},
  author = {Winston Chang},
  year = {2014},
}

@article{csardi_igraph_2006,
  title = {The igraph software package for complex network research},
  volume = {Complex Systems},
  url = {https://igraph.org},
  journal = {InterJournal},
  author = {Gabor Csardi and Tamas Nepusz},
  year = {2006},
  pages = {1695},
}

@book{firke_janitor_2021,
  title = {janitor: {Simple} {Tools} for {Examining} and {Cleaning} {Dirty} {Data}},
  url = {https://CRAN.R-project.org/package=janitor},
  author = {Sam Firke},
  year = {2021},
}

@book{muller_here_2020,
  title = {here: {A} {Simpler} {Way} to {Find} {Your} {Files}},
  url = {https://CRAN.R-project.org/package=here},
  author = {Kirill M{\~A}{\textonequarter}ller},
  year = {2020},
}

@book{hester_glue_2020,
  title = {glue: {Interpreted} {String} {Literals}},
  url = {https://CRAN.R-project.org/package=glue},
  author = {Jim Hester},
  year = {2020},
}

@book{pebesma_lwgeom_2020,
  title = {lwgeom: {Bindings} to {Selected} 'liblwgeom' {Functions} for {Simple} {Features}},
  url = {https://CRAN.R-project.org/package=lwgeom},
  author = {Edzer Pebesma},
  year = {2020},
}

@book{pedersen_patchwork_2020,
  title = {patchwork: {The} {Composer} of {Plots}},
  url = {https://CRAN.R-project.org/package=patchwork},
  author = {Thomas Lin Pedersen},
  year = {2020},
}

@book{bivand_rgrass7_2021,
  title = {rgrass7: {Interface} {Between} {GRASS} 7 {Geographical} {Information} {System} and {R}},
  url = {https://CRAN.R-project.org/package=rgrass7},
  author = {Roger Bivand},
  year = {2021},
}

@book{bivand_rgeos_2020,
  title = {rgeos: {Interface} to {Geometry} {Engine} - {Open} {Source} ('{GEOS}')},
  url = {https://CRAN.R-project.org/package=rgeos},
  author = {Roger Bivand and Colin Rundel},
  year = {2020},
}

@book{bivand_rgdal_2021,
  title = {rgdal: {Bindings} for the '{Geospatial}' {Data} {Abstraction} {Library}},
  url = {https://CRAN.R-project.org/package=rgdal},
  author = {Roger Bivand and Tim Keitt and Barry Rowlingson},
  year = {2021},
}

@book{hijmans_raster_2020,
  title = {raster: {Geographic} {Data} {Analysis} and {Modeling}},
  url = {https://CRAN.R-project.org/package=raster},
  author = {Robert J. Hijmans},
  year = {2020},
}

@article{mclean_refmanager_2017,
  title = {{RefManageR}: {Import} and {Manage} {BibTeX} and {BibLaTeX} {References} in {R}},
  doi = {10.21105/joss.00338},
  journal = {The Journal of Open Source Software},
  author = {Mathew William McLean},
  year = {2017},
}

@book{teucher_rmapshaper_2020,
  title = {rmapshaper: {Client} for 'mapshaper' for '{Geospatial}' {Operations}},
  url = {https://CRAN.R-project.org/package=rmapshaper},
  author = {Andy Teucher and Kenton Russell},
  year = {2020},
}

@article{pebesma_simple_2018,
  title = {Simple {Features} for {R}: {Standardized} {Support} for {Spatial} {Vector} {Data}},
  volume = {10},
  url = {https://doi.org/10.32614/RJ-2018-009},
  doi = {10.32614/RJ-2018-009},
  number = {1},
  journal = {The R Journal},
  author = {Edzer Pebesma},
  year = {2018},
  pages = {439--446},
}

@book{pebesma_stars_2021,
  title = {stars: {Spatiotemporal} {Arrays}, {Raster} and {Vector} {Data} {Cubes}},
  url = {https://CRAN.R-project.org/package=stars},
  author = {Edzer Pebesma},
  year = {2021},
}

@book{qiu_showtext_2021,
  title = {showtext: {Using} {Fonts} {More} {Easily} in {R} {Graphs}},
  url = {https://CRAN.R-project.org/package=showtext},
  author = {Yixuan Qiu and authors/contributors of the included software See file AUTHORS for details},
  year = {2021},
}

@book{south_rnaturalearth_2017,
  title = {rnaturalearth: {World} {Map} {Data} from {Natural} {Earth}},
  url = {https://CRAN.R-project.org/package=rnaturalearth},
  author = {Andy South},
  year = {2017},
}

@book{_styler_2021,
  title = {styler: {Non}-{Invasive} {Pretty} {Printing} of {R} {Code}},
  url = {https://CRAN.R-project.org/package=styler},
  author = {{?}},
  year = {2021},
}

@book{wickham_rpostgres_2021,
  title = {{RPostgres}: '{Rcpp}' {Interface} to '{PostgreSQL}'},
  url = {https://CRAN.R-project.org/package=RPostgres},
  author = {Hadley Wickham and Jeroen Ooms and Kirill M{\~A}{\textonequarter}ller},
  year = {2021},
}

@book{landau_tarchetypes_2021,
  title = {tarchetypes: {Archetypes} for {Targets}},
  author = {William Michael Landau},
  year = {2021},
}

@article{wickham_welcome_2019,
  title = {Welcome to the tidyverse},
  volume = {4},
  doi = {10.21105/joss.01686},
  number = {43},
  journal = {Journal of Open Source Software},
  author = {Hadley Wickham and Mara Averick and Jennifer Bryan and Winston Chang and Lucy D'Agostino McGowan and Romain Fran{\~A}{\S}ois and Garrett Grolemund and Alex Hayes and Lionel Henry and Jim Hester and Max Kuhn and Thomas Lin Pedersen and Evan Miller and Stephan Milton Bache and Kirill M{\~A}{\textonequarter}ller and Jeroen Ooms and David Robinson and Dana Paige Seidel and Vitalie Spinu and Kohske Takahashi and Davis Vaughan and Claus Wilke and Kara Woo and Hiroaki Yutani},
  year = {2019},
  pages = {1686},
}

@book{ushey_renv_2021,
  title = {renv: {Project} {Environments}},
  url = {https://CRAN.R-project.org/package=renv},
  author = {Kevin Ushey},
  year = {2021},
}

@article{strahler_quantitative_1957,
  title = {Quantitative analysis of watershed geomorphology},
  volume = {38},
  number = {6},
  journal = {Eos, Transactions American Geophysical Union},
  author = {Arthur N Strahler},
  year = {1957},
  pages = {913--920},
}

@misc{noauthor_eu-hydro_2021,
  title = {{EU}-{Hydro} - {River} {Network} {Database} - {Copernicus} {Land} {Monitoring} {Service}},
  url = {https://land.copernicus.eu/imagery-in-situ/eu-hydro/eu-hydro-river-network-database?tab=download},
  journal = {EU-Hydro - River Network Database â€” Copernicus Land Monitoring Service},
  month = {mar},
  year = {2021},
  note = {Last visited on 03/22/2021},
}

@misc{noauthor_eu-hydro_2021-1,
  title = {{EU}-{Hydro} - {Coastline}},
  url = {https://land.copernicus.eu/imagery-in-situ/eu-hydro/eu-hydro-coastline?tab=download},
  journal = {EU-Hydro - Coastline â€” Copernicus Land Monitoring Service},
  month = {feb},
  year = {2021},
  note = {Last visited on 02/02/2021},
}

@article{stackelberg_machine_2021,
  title = {Machine {Learning} {Predictions} of {\textless}span style={"}font-variant:small-caps;{"}{\textgreater}{pH}{\textless}/span{\textgreater} in the {Glacial} {Aquifer} {System}, {Northern} {\textless}span style={"}font-variant:small-caps;{"}{\textgreater}{USA}{\textless}/span{\textgreater}},
  volume = {59},
  url = {https://onlinelibrary.wiley.com/doi/10.1111/gwat.13063},
  doi = {10.1111/gwat.13063},
  number = {3},
  journal = {Groundwater},
  author = {Paul E. Stackelberg and Kenneth Belitz and Craig J. Brown and Melinda L. Erickson and Sarah M. Elliott and Leon J. Kauffman and Katherine M. Ransom and James E. Reddy},
  month = {may},
  year = {2021},
  pages = {352--368},
  note = {Last visited on 05/05/2021},
}

@article{knierim_using_2020,
  title = {Using {Boosted} {Regression} {Tree} {Models} to {Predict} {Salinity} in {Mississippi} {Embayment} {Aquifers}, {Central} {United} {States}},
  volume = {56},
  url = {https://onlinelibrary.wiley.com/doi/10.1111/1752-1688.12879},
  doi = {10.1111/1752-1688.12879},
  number = {6},
  journal = {JAWRA Journal of the American Water Resources Association},
  author = {Katherine J. Knierim and James A. Kingsbury and Connor J. Haugh and Katherine M. Ransom},
  month = {dec},
  year = {2020},
  pages = {1010--1029},
  note = {Last visited on 05/05/2021},
}

@article{degnan_relation_2020,
  title = {The relation of geogenic contaminants to groundwater age, aquifer hydrologic position, water type, and redox conditions in {Atlantic} and {Gulf} {Coastal} {Plain} aquifers, eastern and south-central {USA}},
  volume = {723},
  url = {https://www.sciencedirect.com/science/article/pii/S0048969720313474},
  doi = {https://doi.org/10.1016/j.scitotenv.2020.137835},
  journal = {Science of The Total Environment},
  author = {James R. Degnan and Bruce D. Lindsey and Joseph P. Levitt and Zoltan Szabo},
  year = {2020},
  pages = {137835},
}

@article{zounemat-kermani_neurocomputing_2020,
  title = {Neurocomputing in surface water hydrology and hydraulics: {A} review of two decades retrospective, current status and future prospects},
  volume = {588},
  url = {https://linkinghub.elsevier.com/retrieve/pii/S002216942030545X},
  doi = {10.1016/j.jhydrol.2020.125085},
  journal = {Journal of Hydrology},
  author = {Mohammad Zounemat-Kermani and Elena Matta and Andrea Cominola and Xilin Xia and Qing Zhang and Qiuhua Liang and Reinhard Hinkelmann},
  month = {sep},
  year = {2020},
  pages = {125085},
  note = {Last visited on 05/05/2021},
}

@article{landau_targets_2021,
  title = {The targets {R} package: a dynamic {Make}-like function-oriented pipeline toolkit for reproducibility and high-performance computing},
  volume = {6},
  url = {https://doi.org/10.21105/joss.02959},
  number = {57},
  journal = {Journal of Open Source Software},
  author = {William Michael Landau},
  year = {2021},
  pages = {2959},
}

@article{belitz_multiorder_2019,
  title = {Multiorder {Hydrologic} {Position} in the {Conterminous} {United} {States}: {A} {Set} of {Metrics} in {Support} of {Groundwater} {Mapping} at {Regional} and {National} {Scales}},
  volume = {55},
  url = {https://onlinelibrary.wiley.com/doi/abs/10.1029/2019WR025908},
  doi = {10.1029/2019WR025908},
  number = {12},
  journal = {Water Resources Research},
  author = {Kenneth Belitz and Richard B. Moore and Terri L. Arnold and Jennifer B. Sharpe and J. J. Starn},
  month = {dec},
  year = {2019},
  pages = {11188--11207},
  note = {Last visited on 08/17/2020},
}

@article{desimone_machine-learning_2020,
  title = {Machine-learning models to map {pH} and redox conditions in groundwater in a layered aquifer system, {Northern} {Atlantic} {Coastal} {Plain}, eastern {USA}},
  volume = {30},
  url = {https://linkinghub.elsevier.com/retrieve/pii/S2214581820301713},
  doi = {10.1016/j.ejrh.2020.100697},
  journal = {Journal of Hydrology: Regional Studies},
  author = {Leslie A. DeSimone and Jason P. Pope and Katherine M. Ransom},
  month = {aug},
  year = {2020},
  pages = {100697},
  note = {Last visited on 08/05/2020},
}
