@misc{noauthor_eu-hydro_2021,
  title = {{EU}-{Hydro} - {River} {Network} {Database} â€” {Copernicus} {Land} {Monitoring} {Service}},
  url = {https://land.copernicus.eu/imagery-in-situ/eu-hydro/eu-hydro-river-network-database?tab=download},
  journal = {EU-Hydro - River Network Database â€” Copernicus Land Monitoring Service},
  month = {mar},
  year = {2021},
  note = {Last visited on 03/22/2021},
}

@book{r_core_team_r_2020,
  address = {Vienna, Austria},
  title = {R: {A} {Language} and {Environment} for {Statistical} {Computing}},
  url = {https://www.R-project.org/},
  publisher = {R Foundation for Statistical Computing},
  author = {{R Core Team}},
  year = {2020},
}

@article{landau_targets_2021,
  title = {The targets {R} package: a dynamic {Make}-like function-oriented pipeline toolkit for reproducibility and high-performance computing},
  volume = {6},
  url = {https://doi.org/10.21105/joss.02959},
  number = {57},
  journal = {Journal of Open Source Software},
  author = {William Michael Landau},
  year = {2021},
  pages = {2959},
}

@article{belitz_multiorder_2019,
  title = {Multiorder {Hydrologic} {Position} in the {Conterminous} {United} {States}: {A} {Set} of {Metrics} in {Support} of {Groundwater} {Mapping} at {Regional} and {National} {Scales}},
  volume = {55},
  url = {https://onlinelibrary.wiley.com/doi/abs/10.1029/2019WR025908},
  doi = {10.1029/2019WR025908},
  number = {12},
  journal = {Water Resources Research},
  author = {Kenneth Belitz and Richard B. Moore and Terri L. Arnold and Jennifer B. Sharpe and J. J. Starn},
  month = {dec},
  year = {2019},
  pages = {11188--11207},
  note = {Last visited on 08/17/2020},
}

@article{desimone_machine-learning_2020,
  title = {Machine-learning models to map {pH} and redox conditions in groundwater in a layered aquifer system, {Northern} {Atlantic} {Coastal} {Plain}, eastern {USA}},
  volume = {30},
  url = {https://linkinghub.elsevier.com/retrieve/pii/S2214581820301713},
  doi = {10.1016/j.ejrh.2020.100697},
  journal = {Journal of Hydrology: Regional Studies},
  author = {Leslie A. DeSimone and Jason P. Pope and Katherine M. Ransom},
  month = {aug},
  year = {2020},
  pages = {100697},
  note = {Last visited on 08/05/2020},
}
